@MISC{BakerPaper,
	HOWPUBLISHED="\url{d4mucfpksywv.cloudfront.net/emergent-tool-use/paper/Multi_Agent_Emergence_2019.pdf}",
	AUTHOR="Bowen Baker and Ingmar Kanitscheider and Todor Markov and Yi Wu and Glenn Powell and Bob McGrew and Igor Mordatch",
	TITLE="Emergent Tool Use From Multi-Agent Autocurricula",
	YEAR="2019",
	NOTE="Accessed on 2020-04-23",
}

@MISC{OpenAI,
	HOWPUBLISHED="\url{openai.com/blog/emergent-tool-use/}",
	AUTHOR="Bowen Baker and Ingmar Kanitscheider and Todor Markov and Yi Wu and Glenn Powell and Bob McGrew and Igor Mordatch",
	TITLE="Emergent Tool Use from Multi-Agent Interaction",
	YEAR="2019",
	NOTE="Accessed on 2020-04-23",
}

@MISC{AIDef,
	HOWPUBLISHED="\url{https://en.wikipedia.org/wiki/Artificial_intelligence_in_video_games}",
	TITLE="Artificial Intelligence in Video Games",
	YEAR="2020",
	NOTE="Accessed on 2020-04-23",
}

@ARTICLE{Borie,
	AUTHOR="Richard Borie and Craig Tovey and Sven Koenig",
	TITLE="Algorithms and Compleexity Results for Pursuit-Evasion Problems",
	JOURNAL="Autonomous Robots",
	VOLUME="31",
	NUMBER="4",
	PAGES="317-332",
	YEAR="2011",
	NOTE="[Online: \url{https://www.aaai.org/ocs/index.php/IJCAI/IJCAI-09/paper/viewFile/482/591}; Accessed on 2020-04-23]"
}

@ARTICLE{Cook,
	AUTHOR="Cook IV, Atlas F. and Chenglin Fan and Jun Luo",
	TITLE="Hide-and-Seek: Algorithms for Polygon Walk Problems",
	JOURNAL="Lecture Notes in Computere Science Theory and Applications of Models of Computation",
	YEAR="2011",
	PAGES="495-504",
	NOTE="[Online: \url{doi:10.1007/978-3-642-20877-5_48}; Accessed on 2020-04-23]"
}

@BOOK{Rufus,
	AUTHOR="Rufus Isaacs",
	TITLE="Differential Games: A Mathematical Theory with Applications to Warfare and Pursuit, Control and Optimization",
	PUBLISHER="Dover Publications",
	YEAR="1999",
}

@ARTICLE{Parsons,
	AUTHOR="Parsons, T.D.",
	TITLE="Pursuit-Evasion in a Graph",
	JOURNAL="Lecture Notes in Mathematics",
	VOLUME="642",
	YEAR="1978",
	PAGES="426-441"
}

@ARTICLE{Vidal,
	AUTHOR="Rene Vidal and Omid Shakernia and Kim, H. Jin and David Hyunchul Shim and Shankar Sastry",
	TITLE="Probabilistic Pursuit-Evasion Games: Theory, Implementation, and Experimental Evaluation",
	JOURNAL="IEEE Transactions on Robotics and Automation",
	VOLUME="18",
	NUMBER="5",
	YEAR="2002",
	PAGES="662-669",
	NOTE="[Online: \url{doi:10.1109/tra.2002.804040}; Accessed on 2020-04-23]"
}

@INBOOK{LaValle,
	AUTHOR="LaValle, Steven M.",
	EDITOR="",
	TITLE="Planning Algorithms",
	CHAPTER="12.4 Visibility-Based Pursuit Evasion",
	PAGES="",
	PUBLISHER="Cambridge University Press",
	YEAR="2006"
}

@BOOK{Nahin,
	AUTHOR="Paul Nahin",
	TITLE="Chases and Escapes: The Mathematics of Pursuit and Evasion",
	PUBLISHER="Princeton University Press",
	YEAR="2012"
}

@ARTICLE{Vieira,
	AUTHOR="Vieira, Marcos A.M. and Ramesh Govinidan and Sukhatme, Gaurav S.",
	TITLE="Scalable and Practical Pursuit-Evasion with Networked Robots",
	JOURNAL="Intelligent Service Robotics",
	VOLUME="2",
	NUMBER="4",
	YEAR="2009",
	MONTH="March",
	PAGES="247-263",
	NOTE="[Online: \url{doi:10.1007/s11370-009-0050-y}; Accessed on 2020-04-23]"
}

@ARTICLE{Path,
	AUTHOR="Zeyad Abd Algfoor and Mohd Shahrizal Sunar and Hoshang Kolivand",
	TITLE="A Comprehensive Study on Pathfinding Techniques for Robotics and Video Games",
	JOURNAL="Interenational Journal of Computer Games Technology",
	YEAR="2015",
	MONTH="April",
	NOTE="[Online: \url{https://www.hindawi.com/journals/ijcgt/2015/736138/#introduction}; Accessed on 2020-04-23]"
}

@MISC{Mazes,
	HOWPUBLISHED="\url{https://en.wikipedia.org/wiki/Maze_generation_algorithm}",
	TITLE="Maze generation algorithm",
	YEAR="2020",
	NOTE="Accessed on 2020-04-24",
}